<?xml version="1.0" encoding="UTF-8"?><collection xmlns="http://www.loc.gov/MARC21/slim"><record><leader>00464nam--2200157-i-4500</leader><controlfield tag="001">000047329</controlfield><controlfield tag="002">20161230</controlfield><controlfield tag="005">20170113233158</controlfield><controlfield tag="008">060222s1000------------r-----000-0-eng-d</controlfield><datafield ind1=" " ind2=" " tag="080"><subfield code="a">5:92(03)</subfield></datafield><datafield ind1=" " ind2=" " tag="245"><subfield code="a">Who`s who in science in europe a biographical guide in science, technology, agriculture and medicine</subfield></datafield><datafield ind1=" " ind2=" " tag="250"><subfield code="a">fourth edition</subfield></datafield><datafield ind1=" " ind2=" " tag="260"><subfield code="a">Longman</subfield><subfield code="b">Butler And Tanner Ltd</subfield><subfield code="c">1984</subfield></datafield><datafield ind1=" " ind2=" " tag="300"><subfield code="a">/838-1770/ P</subfield></datafield><datafield ind1=" " ind2=" " tag="852"><subfield code="a">71548</subfield></datafield><datafield ind1=" " ind2=" " tag="CAT"><subfield code="a">SYS</subfield><subfield code="c">20170113</subfield><subfield code="h">233158</subfield></datafield></record></collection>